@article{wacholder1993validation,
  title={Validation studies using an alloyed gold standard},
  author={Wacholder, Sholom and Armstrong, Ben and Hartge, Patricia},
  journal={American Journal of Epidemiology},
  volume={137},
  number={11},
  pages={1251--1258},
  year={1993},
  publisher={Oxford Univ Press}
}
